@article{owidcoronavirus,
    author = {Hannah Ritchie and Edouard Mathieu and Lucas Rodés-Guirao and Cameron Appel and Charlie Giattino and Esteban Ortiz-Ospina and Joe Hasell and Bobbie Macdonald and Diana Beltekian and Max Roser},
    title = {Coronavirus Pandemic (COVID-19)},
    journal = {Our World in Data},
    year = {2020},
    note = {https://ourworldindata.org/coronavirus}
}

@book{rki-handbuch,
    author = {Dr. sc. med. Wolfgang Kiehl},
    title = {RKI-Fachwörterbuch Infektionsschutz und Infektionsepidemiologie.},
    publisher = {Robert Koch-Institut},
    location = {Berlin},
    year = {2015}
}

@Article{oxcgrt,
  author  = {Thomas Hale and Noam Angrist and Rafael Goldszmidt and Beatriz Kira and Anna Petherick and Toby Phillips and Samuel Webster and Emily Cameron-Blake and Laura Hallas and Saptarshi Majumdar and Helen Tatlow},
  journal = {Nature Human Behaviour},
  title   = {A global panel database of pandemic policies (Oxford COVID-19 Government Response Tracker).},
  year    = {2021},
  note    = {https://doi.org/10.1038/s41562-021-01079-8}
}

@Article{coronadatenplattform_de,
  author  = {Bundesministerium für Wirtschaft und Klimaschutz and infas 360 GmbH and IHPH Universtiätsklinikum Bonn},
  journal = {Destatis},
  title   = {Die Corona-Datenplattform},
  year    = {2020},
  note    = {https://www.corona-daten-deutschland.de}
}

@article{opendata_at,
    author = {Bundesministerium für Finanzen},
    title = {COVID-19 Open Data Informationsportal},
    journal = {Open Data Österreich},
    year = {2020},
    note = {https://www.data.gv.at}
}

@Article{forsa-befragung,
  author  = {forsa Politik- und Sozialforschung GmbH},
  journal = {forsa Politik- und Sozialforschung GmbH},
  title   = {Befragung von nicht geimpften Personen zu den Gründen für die fehlende Inanspruchnahme der Corona-Schutzimpfung},
  year    = {2021},
}

@article{danish,
    author = {Danish Medicines Agency},
    title = {What Danes know about the efficacy and side effects of COVID-19 vaccines},
    journal = {Danish Medicines Agency},
    year = {2021}
}

@misc{google-mobility-report,
  title = {Community Mobility Report},
  howpublished = {https://www.google.com/covid19/mobility/},
  note = {Abgerufen am 1. September 2022}
}

@misc{cdc-classification,
  title       = {SARS-CoV-2 Variant Classifications and Definitions},
  howpublished = {https://www.cdc.gov/coronavirus/2019-ncov/variants/variant-classifications.html},
  note        = {Abgerufen am 1. September 2022}
}

@misc{rki,
  title       = {Epidemiologischer Steckbrief zu SARS-CoV-2 und COVID-19},
  howpublished = {https://www.rki.de/DE/Content/InfAZ/N/Neuartiges\_Coronavirus/Steckbrief.html},
  note        = {Abgerufen am 1. September 2022}
}